 @misc{Toronto_2017, title={Neighbourhood Profiles}, archiveLocation={Toronto, Ontario, Canada}, url={https://www.toronto.ca/city-government/data-research-maps/neighbourhoods-communities/neighbourhood-profiles/}, abstractNote={Neighbourhoods Are Changing Social Planning Neighbourhoods are Increasing from 140 to 158 in Number. Toronto’s existing 140 social planning neighbourhoods have been in existence since the late 1990s. However, in recent years population growth has made each neighbourhood’s population unbalanced in relation to the others. To balance population growth, the Social Research & Information Management […]}, journal={City of Toronto}, publisher={City of Toronto}, author={{City of Toronto}}, year={2017}, month={Nov} }
 @misc{TPH_2022, title={COVID-19 Cases in Toronto}, url={https://open.toronto.ca/dataset/covid-19-cases-in-toronto/}, abstractNote={Toronto Public Health is responding to an ongoing COVID-19 outbreak, in the context of an evolving global pandemic. This data set contains demographic, geographic, and severity information for all confirmed and probable cases reported to and managed by Toronto Public Health since the first case was reported in January 2020. This includes cases that are sporadic (occurring in the community) and outbreak-associated. The data are extracted from the provincial Case & Contact Management System (CCM).}, publisher={City of Toronto Open Data}, author={{Toronto Public Health}}, year={2022}, month={Apr} }
 @misc{TSDFA_2011, title={Neighbourhood Profiles}, url={https://open.toronto.ca/dataset/neighbourhood-profiles/}, publisher={Open Data Toronto}, author={{Toronto Social Development, Finance & Administration}}, year={2011} }
