@Manual{R-base,
  title = {R: A Language and Environment for Statistical Computing},
  author = {{R Core Team}},
  organization = {R Foundation for Statistical Computing},
  address = {Vienna, Austria},
  year = {2021},
  url = {https://www.R-project.org/},
}

@Manual{R-dplyr,
  title = {dplyr: A Grammar of Data Manipulation},
  author = {Hadley Wickham and Romain François and Lionel Henry and Kirill Müller},
  year = {2022},
  note = {R package version 1.0.8},
  url = {https://CRAN.R-project.org/package=dplyr},
}

@Manual{R-forcats,
  title = {forcats: Tools for Working with Categorical Variables (Factors)},
  author = {Hadley Wickham},
  year = {2021},
  note = {R package version 0.5.1},
  url = {https://CRAN.R-project.org/package=forcats},
}

@Manual{R-ggplot2,
  title = {ggplot2: Create Elegant Data Visualisations Using the Grammar of Graphics},
  author = {Hadley Wickham and Winston Chang and Lionel Henry and Thomas Lin Pedersen and Kohske Takahashi and Claus Wilke and Kara Woo and Hiroaki Yutani and Dewey Dunnington},
  year = {2021},
  note = {R package version 3.3.5},
  url = {https://CRAN.R-project.org/package=ggplot2},
}

@Manual{R-gridExtra,
  title = {gridExtra: Miscellaneous Functions for "Grid" Graphics},
  author = {Baptiste Auguie},
  year = {2017},
  note = {R package version 2.3},
  url = {https://CRAN.R-project.org/package=gridExtra},
}

@Manual{R-isdas,
  title = {isdas: Companion Package for Book An Introduction to Spatial Data
Analysis and Statistics},
  author = {Antonio Páez and Rajveer Ubhi and Anastassios Dardas},
  year = {2022},
  note = {https://github.com/paezha/isdas},
}

@Manual{R-knitr,
  title = {knitr: A General-Purpose Package for Dynamic Report Generation in R},
  author = {Yihui Xie},
  year = {2022},
  note = {R package version 1.38},
  url = {https://yihui.org/knitr/},
}

@Manual{R-nlme,
  title = {nlme: Linear and Nonlinear Mixed Effects Models},
  author = {José Pinheiro and Douglas Bates and {R-core}},
  year = {2021},
  note = {R package version 3.1-153},
  url = {https://svn.r-project.org/R-packages/trunk/nlme/},
}

@Manual{R-patchwork,
  title = {patchwork: The Composer of Plots},
  author = {Thomas Lin Pedersen},
  year = {2020},
  note = {R package version 1.1.1},
  url = {https://CRAN.R-project.org/package=patchwork},
}

@Manual{R-purrr,
  title = {purrr: Functional Programming Tools},
  author = {Lionel Henry and Hadley Wickham},
  year = {2020},
  note = {R package version 0.3.4},
  url = {https://CRAN.R-project.org/package=purrr},
}

@Manual{R-readr,
  title = {readr: Read Rectangular Text Data},
  author = {Hadley Wickham and Jim Hester and Jennifer Bryan},
  year = {2022},
  note = {R package version 2.1.2},
  url = {https://CRAN.R-project.org/package=readr},
}

@Manual{R-rgdal,
  title = {rgdal: Bindings for the Geospatial Data Abstraction Library},
  author = {Roger Bivand and Tim Keitt and Barry Rowlingson},
  year = {2022},
  note = {R package version 1.5-29},
  url = {https://CRAN.R-project.org/package=rgdal},
}

@Manual{R-rpart,
  title = {rpart: Recursive Partitioning and Regression Trees},
  author = {Terry Therneau and Beth Atkinson},
  year = {2019},
  note = {R package version 4.1-15},
  url = {https://CRAN.R-project.org/package=rpart},
}

@Manual{R-sf,
  title = {sf: Simple Features for R},
  author = {Edzer Pebesma},
  year = {2022},
  note = {R package version 1.0-7},
  url = {https://CRAN.R-project.org/package=sf},
}

@Manual{R-sp,
  title = {sp: Classes and Methods for Spatial Data},
  author = {Edzer Pebesma and Roger Bivand},
  year = {2021},
  note = {R package version 1.4-6},
  url = {https://CRAN.R-project.org/package=sp},
}

@Manual{R-spatstat,
  title = {spatstat: Spatial Point Pattern Analysis, Model-Fitting, Simulation, Tests},
  author = {Adrian Baddeley and Rolf Turner and Ege Rubak},
  year = {2022},
  note = {R package version 2.3-3},
  url = {http://spatstat.org/},
}

@Manual{R-spatstat.core,
  title = {spatstat.core: Core Functionality of the spatstat Family},
  author = {Adrian Baddeley and Rolf Turner and Ege Rubak},
  year = {2022},
  note = {R package version 2.4-0},
  url = {http://spatstat.org/},
}

@Manual{R-spatstat.data,
  title = {spatstat.data: Datasets for spatstat Family},
  author = {Adrian Baddeley and Rolf Turner and Ege Rubak},
  year = {2021},
  note = {R package version 2.1-2},
  url = {http://spatstat.org/},
}

@Manual{R-spatstat.geom,
  title = {spatstat.geom: Geometrical Functionality of the spatstat Family},
  author = {Adrian Baddeley and Rolf Turner and Ege Rubak},
  year = {2022},
  note = {R package version 2.3-2},
  url = {http://spatstat.org/},
}

@Manual{R-spatstat.linnet,
  title = {spatstat.linnet: Linear Networks Functionality of the spatstat Family},
  author = {Adrian Baddeley and Rolf Turner and Ege Rubak},
  year = {2022},
  note = {R package version 2.3-2},
  url = {http://spatstat.org/},
}

@Manual{R-spatstat.random,
  title = {spatstat.random: Random Generation Functionality for the spatstat Family},
  author = {Adrian Baddeley and Rolf Turner and Ege Rubak},
  year = {2022},
  note = {R package version 2.1-0},
  url = {http://spatstat.org/},
}

@Manual{R-spData,
  title = {spData: Datasets for Spatial Analysis},
  author = {Roger Bivand and Jakub Nowosad and Robin Lovelace},
  year = {2021},
  note = {R package version 2.0.1},
  url = {https://nowosad.github.io/spData/},
}

@Manual{R-spdep,
  title = {spdep: Spatial Dependence: Weighting Schemes, Statistics},
  author = {Roger Bivand},
  year = {2022},
  note = {R package version 1.2-2},
  url = {https://CRAN.R-project.org/package=spdep},
}

@Manual{R-stargazer,
  title = {stargazer: Well-Formatted Regression and Summary Statistics Tables},
  author = {Marek Hlavac},
  year = {2022},
  note = {R package version 5.2.3},
  url = {https://CRAN.R-project.org/package=stargazer},
}

@Manual{R-stringr,
  title = {stringr: Simple, Consistent Wrappers for Common String Operations},
  author = {Hadley Wickham},
  year = {2019},
  note = {R package version 1.4.0},
  url = {https://CRAN.R-project.org/package=stringr},
}

@Manual{R-tibble,
  title = {tibble: Simple Data Frames},
  author = {Kirill Müller and Hadley Wickham},
  year = {2021},
  note = {R package version 3.1.6},
  url = {https://CRAN.R-project.org/package=tibble},
}

@Manual{R-tidyr,
  title = {tidyr: Tidy Messy Data},
  author = {Hadley Wickham and Maximilian Girlich},
  year = {2022},
  note = {R package version 1.2.0},
  url = {https://CRAN.R-project.org/package=tidyr},
}

@Manual{R-tidyverse,
  title = {tidyverse: Easily Install and Load the Tidyverse},
  author = {Hadley Wickham},
  year = {2021},
  note = {R package version 1.3.1},
  url = {https://CRAN.R-project.org/package=tidyverse},
}

@Book{ggplot22016,
  author = {Hadley Wickham},
  title = {ggplot2: Elegant Graphics for Data Analysis},
  publisher = {Springer-Verlag New York},
  year = {2016},
  isbn = {978-3-319-24277-4},
  url = {https://ggplot2.tidyverse.org},
}

@Book{knitr2015,
  title = {Dynamic Documents with {R} and knitr},
  author = {Yihui Xie},
  publisher = {Chapman and Hall/CRC},
  address = {Boca Raton, Florida},
  year = {2015},
  edition = {2nd},
  note = {ISBN 978-1498716963},
  url = {https://yihui.org/knitr/},
}

@InCollection{knitr2014,
  booktitle = {Implementing Reproducible Computational Research},
  editor = {Victoria Stodden and Friedrich Leisch and Roger D. Peng},
  title = {knitr: A Comprehensive Tool for Reproducible Research in {R}},
  author = {Yihui Xie},
  publisher = {Chapman and Hall/CRC},
  year = {2014},
  note = {ISBN 978-1466561595},
  url = {http://www.crcpress.com/product/isbn/9781466561595},
}

@Article{sf2018,
  author = {Edzer Pebesma},
  title = {{Simple Features for R: Standardized Support for Spatial Vector Data}},
  year = {2018},
  journal = {{The R Journal}},
  doi = {10.32614/RJ-2018-009},
  url = {https://doi.org/10.32614/RJ-2018-009},
  pages = {439--446},
  volume = {10},
  number = {1},
}

@Article{sp2005,
  author = {Edzer J. Pebesma and Roger S. Bivand},
  title = {Classes and methods for spatial data in {R}},
  journal = {R News},
  year = {2005},
  volume = {5},
  number = {2},
  pages = {9--13},
  month = {November},
  url = {https://CRAN.R-project.org/doc/Rnews/},
}

@Book{sp2013,
  author = {Roger S. Bivand and Edzer Pebesma and Virgilio Gomez-Rubio},
  title = {Applied spatial data analysis with {R}, Second edition},
  year = {2013},
  publisher = {Springer, NY},
  url = {https://asdar-book.org/},
}

@Book{spatstat2015,
  title = {Spatial Point Patterns: Methodology and Applications with {R}},
  author = {Adrian Baddeley and Ege Rubak and Rolf Turner},
  year = {2015},
  publisher = {Chapman and Hall/CRC Press},
  address = {London},
  url = {https://www.routledge.com/Spatial-Point-Patterns-Methodology-and-Applications-with-R/Baddeley-Rubak-Turner/9781482210200/},
}

@Article{spatstat2013,
  title = {Hybrids of Gibbs Point Process Models and Their Implementation},
  author = {Adrian Baddeley and Rolf Turner and Jorge Mateu and Andrew Bevan},
  journal = {Journal of Statistical Software},
  year = {2013},
  volume = {55},
  number = {11},
  pages = {1--43},
  doi = {10.18637/jss.v055.i11},
}

@Article{spatstat2005,
  title = {{spatstat}: An {R} Package for Analyzing Spatial Point Patterns},
  author = {Adrian Baddeley and Rolf Turner},
  journal = {Journal of Statistical Software},
  year = {2005},
  volume = {12},
  number = {6},
  pages = {1--42},
  doi = {10.18637/jss.v012.i06},
}

@Book{spatstat.core2015,
  title = {Spatial Point Patterns: Methodology and Applications with {R}},
  author = {Adrian Baddeley and Ege Rubak and Rolf Turner},
  year = {2015},
  publisher = {Chapman and Hall/CRC Press},
  address = {London},
  url = {https://www.routledge.com/Spatial-Point-Patterns-Methodology-and-Applications-with-R/Baddeley-Rubak-Turner/9781482210200/},
}

@Article{spatstat.core2013,
  title = {Hybrids of Gibbs Point Process Models and Their Implementation},
  author = {Adrian Baddeley and Rolf Turner and Jorge Mateu and Andrew Bevan},
  journal = {Journal of Statistical Software},
  year = {2013},
  volume = {55},
  number = {11},
  pages = {1--43},
  doi = {10.18637/jss.v055.i11},
}

@Article{spatstat.core2005,
  title = {{spatstat}: An {R} Package for Analyzing Spatial Point Patterns},
  author = {Adrian Baddeley and Rolf Turner},
  journal = {Journal of Statistical Software},
  year = {2005},
  volume = {12},
  number = {6},
  pages = {1--42},
  doi = {10.18637/jss.v012.i06},
}

@Book{spatstat.geom2015,
  title = {Spatial Point Patterns: Methodology and Applications with {R}},
  author = {Adrian Baddeley and Ege Rubak and Rolf Turner},
  year = {2015},
  publisher = {Chapman and Hall/CRC Press},
  address = {London},
  url = {https://www.routledge.com/Spatial-Point-Patterns-Methodology-and-Applications-with-R/Baddeley-Rubak-Turner/9781482210200/},
}

@Article{spatstat.geom2013,
  title = {Hybrids of Gibbs Point Process Models and Their Implementation},
  author = {Adrian Baddeley and Rolf Turner and Jorge Mateu and Andrew Bevan},
  journal = {Journal of Statistical Software},
  year = {2013},
  volume = {55},
  number = {11},
  pages = {1--43},
  doi = {10.18637/jss.v055.i11},
}

@Article{spatstat.geom2005,
  title = {{spatstat}: An {R} Package for Analyzing Spatial Point Patterns},
  author = {Adrian Baddeley and Rolf Turner},
  journal = {Journal of Statistical Software},
  year = {2005},
  volume = {12},
  number = {6},
  pages = {1--42},
  doi = {10.18637/jss.v012.i06},
}

@Book{spatstat.linnet2015,
  title = {Spatial Point Patterns: Methodology and Applications with {R}},
  author = {Adrian Baddeley and Ege Rubak and Rolf Turner},
  year = {2015},
  publisher = {Chapman and Hall/CRC Press},
  address = {London},
  url = {https://www.routledge.com/Spatial-Point-Patterns-Methodology-and-Applications-with-R/Baddeley-Rubak-Turner/9781482210200/},
}

@Article{spatstat.linnet2013,
  title = {Hybrids of Gibbs Point Process Models and Their Implementation},
  author = {Adrian Baddeley and Rolf Turner and Jorge Mateu and Andrew Bevan},
  journal = {Journal of Statistical Software},
  year = {2013},
  volume = {55},
  number = {11},
  pages = {1--43},
  url = {https://www.jstatsoft.org/v55/i11/},
}

@Article{spatstat.linnet2005,
  title = {{spatstat}: An {R} Package for Analyzing Spatial Point Patterns},
  author = {Adrian Baddeley and Rolf Turner},
  journal = {Journal of Statistical Software},
  year = {2005},
  volume = {12},
  number = {6},
  pages = {1--42},
  url = {https://www.jstatsoft.org/v12/i06/},
}

@Book{spatstat.random2015,
  title = {Spatial Point Patterns: Methodology and Applications with {R}},
  author = {Adrian Baddeley and Ege Rubak and Rolf Turner},
  year = {2015},
  publisher = {Chapman and Hall/CRC Press},
  address = {London},
  url = {https://www.routledge.com/Spatial-Point-Patterns-Methodology-and-Applications-with-R/Baddeley-Rubak-Turner/9781482210200/},
}

@Article{spatstat.random2013,
  title = {Hybrids of Gibbs Point Process Models and Their Implementation},
  author = {Adrian Baddeley and Rolf Turner and Jorge Mateu and Andrew Bevan},
  journal = {Journal of Statistical Software},
  year = {2013},
  volume = {55},
  number = {11},
  pages = {1--43},
  doi = {10.18637/jss.v055.i11},
}

@Article{spatstat.random2005,
  title = {{spatstat}: An {R} Package for Analyzing Spatial Point Patterns},
  author = {Adrian Baddeley and Rolf Turner},
  journal = {Journal of Statistical Software},
  year = {2005},
  volume = {12},
  number = {6},
  pages = {1--42},
  doi = {10.18637/jss.v012.i06},
}

@Article{spdep2018,
  author = {Roger Bivand and David W. S. Wong},
  title = {Comparing implementations of global and local indicators of spatial association},
  journal = {TEST},
  year = {2018},
  volume = {27},
  number = {3},
  pages = {716--748},
  url = {https://doi.org/10.1007/s11749-018-0599-x},
}

@Book{spdep2013,
  author = {Roger S. Bivand and Edzer Pebesma and Virgilio Gomez-Rubio},
  title = {Applied spatial data analysis with {R}, Second edition},
  year = {2013},
  publisher = {Springer, NY},
  url = {https://asdar-book.org/},
}

@Article{tidyverse2019,
  title = {Welcome to the {tidyverse}},
  author = {Hadley Wickham and Mara Averick and Jennifer Bryan and Winston Chang and Lucy D'Agostino McGowan and Romain François and Garrett Grolemund and Alex Hayes and Lionel Henry and Jim Hester and Max Kuhn and Thomas Lin Pedersen and Evan Miller and Stephan Milton Bache and Kirill Müller and Jeroen Ooms and David Robinson and Dana Paige Seidel and Vitalie Spinu and Kohske Takahashi and Davis Vaughan and Claus Wilke and Kara Woo and Hiroaki Yutani},
  year = {2019},
  journal = {Journal of Open Source Software},
  volume = {4},
  number = {43},
  pages = {1686},
  doi = {10.21105/joss.01686},
}

